@BOOK{Wolf2021-ef,
  title     = "Scrum -- verstehen und erfolgreich einsetzen",
  author    = "Wolf, Henning and Roock, Stefan",
  publisher = "Dpunkt. Verlag",
  month     =  jun,
  year      =  2021,
  language  = "de"
}

@phdthesis{Stingel,
  type = "Dissertation",
  title = {{Soundtracks virtueller Welten: Musik in Videospielen}},
  author = "Stingel-Voigt, Yvonne",
  school = {Freie Universit√§t Berlin},
  year = {2021},
} 

@online{filippovicarelli,
    author = "Filippo Vicarelli",
    title = {{8-bit Background Music for Video Games | Free Download}},
    url  = "https://www.filippovicarelli.com/8bit-game-background-music",
    note = "[Abrufdatum: 20.06.2023]"
}